010637169742015090220150902201509020006230CIELO04P                    001                                                                                                                                                                                 
110637169745150831     01150831150901150901+0000000007500-0000000000150+0000000000000+00000000073500001033440000031313    0100000241000000 150901  0000000000000 000000000+000000000000000115243112032262500000000200000000000  11216792041               
210637169745150831498401******604200020150831+00000000050000000   14950810637169740000006D0A00174400000000000001600000000000000000000000000000000000000011216792  160                 00000015243112032262500000000001000                                 
210637169745150831476608******610400020150831+00000000025000000   45627510637169740000006DBA00175500000000000001600000000000000000000000000000000000000011216792  171                 00000015243112032262500000000002000                                 
900000000003                                                                                                                                                                                                                                              