010637169742015090220150902201509020006230CIELO03P                    013                                                                                                                                                                                 
110637169740150901     01150901151002000000+0000000015000-0000000000556+0000000000000+00000000144440001033440000031313    0000000440000000 150901  0000000000000 000000000+0000000000000001152441250360870000000003700000000000311216792040               
210637169740150901421845******022400020150901+00000000050000000   01364610637169740000006F4A00178000000000000001600000000000000000000000000000000000000011216792  196                 04390515244125036087000000000001000                                 
210637169740150901498453******911900020150901+00000000050000000   84984710637169740000006F5A00178100000000000001600000000000000000000000000000000000000011216792  197                 08171115244125036087000000000002000                                 
210637169740150901498407******789800020150901+00000000025000000   00007510637169740000006F8A00178400000000000001600000000000000000000000000000000000000011216792  200                 10472315244125036087000000000003000                                 
210637169740150901439354******233700020150901+00000000025000000   08843710637169740000006FAA00178600000000000001600000000000000000000000000000000000000011216792  202                 11155615244125036087000000000004000                                 
110637169740150901     01150901151002000000+0000000025000-0000000000925+0000000000000+00000000240750001033440000031313    0000000440000000 150901  0000000000000 000000000+0000000000000001152441260326325000000003700000000000311216792040               
210637169740150901498401******958000020150901+00000000050000000   0894201063716974000000704A00179600000000000001600000000000000000000000000000000000000011216792  212                 13225115244126032632500000000001000                                 
210637169740150901498406******853400020150901+00000000100000000   6958371063716974000000708A00180000000000000001600000000000000000000000000000000000000011216792  216                 14544415244126032632500000000002000                                 
210637169740150901400770******252900020150901+00000000050000000   449211106371697400000070AA00180200000000000001600000000000000000000000000000000000000011216792  218                 15411715244126032632500000000003000                                 
210637169740150901418668******076900020150901+00000000050000000   048958106371697400000070BA00180300000000000001600000000000000000000000000000000000000011216792  219                 15510415244126032632500000000004000                                 
110637169740150901     01150901151002000000+0000000005000-0000000000185+0000000000000+00000000048150001033440000031313    0000000140000000 150901  0000000000000 000000000+0000000000000001152441270272591000000003700000000000311216792040               
210637169740150901400970******342600020150901+00000000050000000   311899106371697400000070FA00180700000000000001600000000000000000000000000000000000000011216792  223                 18325615244127027259100000000001000                                 
110637169740150901     01150901151002000000+0000000032500-0000000001204+0000000000000+00000000312960001033440000031313    0000000440000000 150901  0000000000000 000000000+0000000000000001152441280178100000000003700000000000311216792040               
210637169740150901403225******578500020150901+00000000250000000   6460571063716974000000710A00180800000000000001600000000000000000000000000000000000000011216792  224                 19040615244128017810000000000001000                                 
210637169740150901410863******241600020150901+00000000025000000   0741631063716974000000711A00180900000000000001600000000000000000000000000000000000000011216792  225                 19074115244128017810000000000002000                                 
210637169740150901439354******229900020150901+00000000025000000   0129791063716974000000713A00181100000000000001600000000000000000000000000000000000000011216792  227                 20405115244128017810000000000003000                                 
210637169740150901400970******243000020150901+00000000025000000   4888531063716974000000714A00181200000000000001600000000000000000000000000000000000000011216792  228                 21130315244128017810000000000004000                                 
110637169745150901     01150901150902000000+0000000005000-0000000000100+0000000000000+00000000049000001033440000031313    0000000241000000 150901  0000000000000 000000000+0000000000000001152441170345362000000002000000000000311216792041               
210637169745150901498401******124800020150901+00000000025000000   1473001063716974000000701A00179300000000000001600000000000000000000000000000000000000011216792  209                 13081915244117034536200000000001000                                 
210637169745150901498407******513000020150901+00000000025000000   1510361063716974000000705A00179700000000000001600000000000000000000000000000000000000011216792  213                 14103615244117034536200000000002000                                 
110637169740150901     01150901151002000000+0000000025000-0000000000927+0000000000000+00000000240730001033440000031313    0000000610000000 150901  0000000000000 000000000+0000000000000002152445190371726000000003700000000000311216792010               
210637169740150901525662******921100020150901+00000000050000000   02871610637169740000006F1A00177700000000000001600000000000000000000000000000000000000011216792  193                 01074515244519037172600000000001000                                 
210637169740150901529323******449100020150901+00000000025000000   07437610637169740000006F2A00177800000000000001600000000000000000000000000000000000000011216792  194                 03261015244519037172600000000002000                                 
210637169740150901548649******778300020150901+00000000025000000   26087110637169740000006F3A00177900000000000001600000000000000000000000000000000000000011216792  195                 04260715244519037172600000000003000                                 
210637169740150901544731******480200020150901+00000000025000000   38136410637169740000006F7A00178300000000000001600000000000000000000000000000000000000011216792  199                 10381315244519037172600000000004000                                 
210637169740150901539016******890500020150901+00000000025000000   75776110637169740000006FBA00178700000000000001600000000000000000000000000000000000000011216792  203                 11164115244519037172600000000005000                                 
210637169740150901546452******031900020150901+00000000100000000   02220610637169740000006FFA00179100000000000001600000000000000000000000000000000000000011216792  207                 12412515244519037172600000000006000                                 
110637169740150901     01150901151002000000+0000000042500-0000000001573+0000000000000+00000000409270001033440000031313    0000000410000000 150901  0000000000000 000000000+0000000000000002152445100335485000000003700000000000311216792010               
210637169740150901530994******034600020150901+00000000100000000   0721891063716974000000706A00179800000000000001600000000000000000000000000000000000000011216792  214                 14111115244510033548500000000001000                                 
210637169740150901525663******596100020150901+00000000025000000   0401301063716974000000707A00179900000000000001600000000000000000000000000000000000000011216792  215                 14540015244510033548500000000002000                                 
210637169740150901544817******161000020150901+00000000250000000   4189621063716974000000709A00180100000000000001600000000000000000000000000000000000000011216792  217                 15010015244510033548500000000003000                                 
210637169740150901514868******395200020150901+00000000050000000   066613106371697400000070DA00180500000000000001600000000000000000000000000000000000000011216792  221                 15582715244510033548500000000004000                                 
110637169740150901     01150901151002000000+0000000002500-0000000000093+0000000000000+00000000024070001033440000031313    0000000110000000 150901  0000000000000 000000000+0000000000000002152445120185936000000003700000000000311216792010               
210637169740150901546452******288700020150901+00000000025000000   0404411063716974000000712A00181000000000000001600000000000000000000000000000000000000011216792  226                 20223815244512018593600000000001000                                 
900000000034                                                                                                                                                                                                                                              
